<?xml version='1.0' encoding='UTF-8'?>
<record xmlns="http://www.loc.gov/MARC21/slim">
  <leader>00754cam a2200229 a 4500</leader>
  <controlfield tag="001">344396</controlfield>
  <controlfield tag="003">NjP</controlfield>
  <controlfield tag="005">20120521194128.0</controlfield>
  <controlfield tag="008">861202s1929    sy            00011 arard</controlfield>
  <datafield tag="024" ind1="7" ind2=" ">
    <subfield code="a">princeton_aco002784</subfield>
    <subfield code="2">local</subfield>
  </datafield>
  <datafield ind1=" " ind2=" " tag="035">
    <subfield code="a">(OCoLC)82483932</subfield>
  </datafield>
  <datafield ind1=" " ind2=" " tag="035">
    <subfield code="a">(CStRLIN)NJPG86-B54182</subfield>
  </datafield>
  <datafield ind1=" " ind2=" " tag="035">
    <subfield code="9">ABR9754TS</subfield>
  </datafield>
  <datafield ind1=" " ind2=" " tag="040">
    <subfield code="a">NjP</subfield>
    <subfield code="c">NjP</subfield>
  </datafield>
  <datafield ind1="1" ind2=" " tag="100">
    <subfield code="a">ʻĪd, ʻAzīz.</subfield>
  </datafield>
  <datafield ind1="1" ind2="0" tag="245">
    <subfield code="a">Riwāyat al-Kābūr Āl Sīmūn /</subfield>
    <subfield code="c">bi-qalam ʻAzīz ʻĪd ; ʻuniya bi-ṭabʻihā wa-nashrihā Muḥyī al-Dīn al-Badīwī.</subfield>
  </datafield>
  <datafield ind1=" " ind2=" " tag="250">
    <subfield code="a">al-Ṭabʻah 1.</subfield>
  </datafield>
  <datafield ind1=" " ind2=" " tag="260">
    <subfield code="a">[Damascus] :</subfield>
    <subfield code="b">Maṭbaʻat Ibn Zaydūn,</subfield>
    <subfield code="c">1929.</subfield>
  </datafield>
  <datafield ind1=" " ind2=" " tag="300">
    <subfield code="a">98 p. ;</subfield>
    <subfield code="c">20 cm.</subfield>
  </datafield>
  <datafield ind1=" " ind2=" " tag="500">
    <subfield code="a">Play.</subfield>
  </datafield>
  <datafield ind1=" " ind2=" " tag="998">
    <subfield code="a">12/02/86</subfield>
    <subfield code="s">9124</subfield>
    <subfield code="n">NjP</subfield>
    <subfield code="w">NJPG86B54182</subfield>
    <subfield code="d">12/02/86</subfield>
    <subfield code="c">SSH</subfield>
    <subfield code="b">CDH</subfield>
    <subfield code="i">861202</subfield>
    <subfield code="l">NJPG</subfield>
  </datafield>
  <datafield ind1=" " ind2=" " tag="948">
    <subfield code="a">CON PC2</subfield>
  </datafield>
  <datafield ind1=" " ind2=" " tag="911">
    <subfield code="a">19921028</subfield>
  </datafield>
  <datafield ind1=" " ind2=" " tag="912">
    <subfield code="a">19900827000000.0</subfield>
  </datafield>
  <datafield ind1="0" ind2="0" tag="852">
    <subfield code="0">376294</subfield>
    <subfield code="b">rcppa</subfield>
    <subfield code="t">1</subfield>
    <subfield code="h">PJ7838.D16</subfield>
    <subfield code="i">R5</subfield>
    <subfield code="x">tr fr arab</subfield>
  </datafield>
  <datafield ind1=" " ind2=" " tag="959">
    <subfield code="a">2009-03-18 16:16:30 -0500</subfield>
  </datafield>
</record>
